%YAML 1.1
%TAG !u! tag:unity3d.com,2011:
--- !u!114 &-8030756225473181071
MonoBehaviour:
  m_ObjectHideFlags: 0
  m_CorrespondingSourceObject: {fileID: 0}
  m_PrefabInstance: {fileID: 0}
  m_PrefabAsset: {fileID: 0}
  m_GameObject: {fileID: 0}
  m_Enabled: 1
  m_EditorHideFlags: 0
  m_Script: {fileID: 11500000, guid: 9b730ab5a174460ab98c005f55d92f6f, type: 3}
  m_Name: z_value[0].ListMaterialSelector
  m_EditorClassIdentifier: 
  groupName: 
  materials:
  - {fileID: 2100000, guid: 4687ced7e6c41aa47ab81b213563548d, type: 2}
--- !u!114 &-6156219212172875820
MonoBehaviour:
  m_ObjectHideFlags: 0
  m_CorrespondingSourceObject: {fileID: 0}
  m_PrefabInstance: {fileID: 0}
  m_PrefabAsset: {fileID: 0}
  m_GameObject: {fileID: 0}
  m_Enabled: 1
  m_EditorHideFlags: 0
  m_Script: {fileID: 11500000, guid: 9b730ab5a174460ab98c005f55d92f6f, type: 3}
  m_Name: z_value[8].ListMaterialSelector
  m_EditorClassIdentifier: 
  groupName: 
  materials:
  - {fileID: 4929003776475129343, guid: cc61191d9fdddee418d0714e61645bc1, type: 3}
  - {fileID: 2100000, guid: dff24afedc269c84fb9a879180daa737, type: 2}
  - {fileID: 2100000, guid: dd8e317eea6d1c3439bb6012e4b42ad3, type: 2}
--- !u!114 &-4752528304732900885
MonoBehaviour:
  m_ObjectHideFlags: 0
  m_CorrespondingSourceObject: {fileID: 0}
  m_PrefabInstance: {fileID: 0}
  m_PrefabAsset: {fileID: 0}
  m_GameObject: {fileID: 0}
  m_Enabled: 1
  m_EditorHideFlags: 0
  m_Script: {fileID: 11500000, guid: 9b730ab5a174460ab98c005f55d92f6f, type: 3}
  m_Name: z_value[3].WallMaterialSelector
  m_EditorClassIdentifier: 
  groupName: Wall
  materials:
  - {fileID: 2100000, guid: 19a2b5ce58f5b11448d15c9bf8764182, type: 2}
  - {fileID: 2100000, guid: 8a4ebf4e82e70554883d99d5f8f3509e, type: 2}
  - {fileID: 2100000, guid: 661db52145a1b73419331b6af30aecd4, type: 2}
  - {fileID: 2100000, guid: 167c8e31b9a62164d8b07cdfcb82e076, type: 2}
  - {fileID: 2100000, guid: 8f01121326d63e34f810677bd6b1ed9e, type: 2}
  - {fileID: 2100000, guid: fa59137bfc3e18c4dbf99fa7c1090577, type: 2}
  - {fileID: 2100000, guid: 04597cc72cb7bac4aaeb6794d3a0519b, type: 2}
  - {fileID: 2100000, guid: 950d095640cb59f4b8d85ce723097c46, type: 2}
  - {fileID: 2100000, guid: 783b5bfb2f6e67b42b2fc89f82747c7a, type: 2}
  - {fileID: 2100000, guid: 4daeaa96208bdc14ab560f51f83ab8e5, type: 2}
  - {fileID: 2100000, guid: e00de9d728e063d469286a79ad8ae29c, type: 2}
  - {fileID: 2100000, guid: dd8e317eea6d1c3439bb6012e4b42ad3, type: 2}
  - {fileID: 2100000, guid: 958f01b423ffccd4184427cc02fc670a, type: 2}
  - {fileID: 2100000, guid: 511e06fe261280547839bb22c3368717, type: 2}
--- !u!114 &-1910720777710223801
MonoBehaviour:
  m_ObjectHideFlags: 0
  m_CorrespondingSourceObject: {fileID: 0}
  m_PrefabInstance: {fileID: 0}
  m_PrefabAsset: {fileID: 0}
  m_GameObject: {fileID: 0}
  m_Enabled: 1
  m_EditorHideFlags: 0
  m_Script: {fileID: 11500000, guid: 9b730ab5a174460ab98c005f55d92f6f, type: 3}
  m_Name: z_value[6].ListMaterialSelector
  m_EditorClassIdentifier: 
  groupName: 
  materials:
  - {fileID: 2100000, guid: 4687ced7e6c41aa47ab81b213563548d, type: 2}
--- !u!114 &-68829214132940162
MonoBehaviour:
  m_ObjectHideFlags: 0
  m_CorrespondingSourceObject: {fileID: 0}
  m_PrefabInstance: {fileID: 0}
  m_PrefabAsset: {fileID: 0}
  m_GameObject: {fileID: 0}
  m_Enabled: 1
  m_EditorHideFlags: 0
  m_Script: {fileID: 11500000, guid: 9b730ab5a174460ab98c005f55d92f6f, type: 3}
  m_Name: z_value[5].ListMaterialSelector
  m_EditorClassIdentifier: 
  groupName: 
  materials:
  - {fileID: 2100000, guid: 19a2b5ce58f5b11448d15c9bf8764182, type: 2}
  - {fileID: 2100000, guid: 8a4ebf4e82e70554883d99d5f8f3509e, type: 2}
  - {fileID: 2100000, guid: 661db52145a1b73419331b6af30aecd4, type: 2}
  - {fileID: 2100000, guid: dff24afedc269c84fb9a879180daa737, type: 2}
  - {fileID: 2100000, guid: 6367fde3a1c1f7041b242330a3dea949, type: 2}
  - {fileID: 2100000, guid: 2d3e890261c3e5741a2e116a318ab54e, type: 2}
  - {fileID: 2100000, guid: dd8e317eea6d1c3439bb6012e4b42ad3, type: 2}
--- !u!114 &11400000
MonoBehaviour:
  m_ObjectHideFlags: 0
  m_CorrespondingSourceObject: {fileID: 0}
  m_PrefabInstance: {fileID: 0}
  m_PrefabAsset: {fileID: 0}
  m_GameObject: {fileID: 0}
  m_Enabled: 1
  m_EditorHideFlags: 0
  m_Script: {fileID: 11500000, guid: 3329f974df3e468cb0da40e0609ba82f, type: 3}
  m_Name: ThirdFacaderandomizer
  m_EditorClassIdentifier: 
  facadeGenerator: {fileID: 11400000, guid: 9ef56179c2dafad4c8ceba455e56389c, type: 2}
  materialContainerRandomizer:
    fieldValues:
    - propertyName: windowFrameMaterial
      value: {fileID: -8030756225473181071}
    - propertyName: glassMaterial
      value: {fileID: 5816934376150561843}
    - propertyName: keyStoneMaterial
      value: {fileID: 699948066701692753}
    - propertyName: wallMaterial
      value: {fileID: -4752528304732900885}
    - propertyName: pillarMaterial
      value: {fileID: 7146115314415785619}
    - propertyName: stepRoofMaterial
      value: {fileID: -68829214132940162}
    - propertyName: groundWallMaterial
      value: {fileID: -1910720777710223801}
    - propertyName: potMaterial
      value: {fileID: 6637687799851897780}
    - propertyName: stepMaterial
      value: {fileID: -6156219212172875820}
    - propertyName: signMaterial
      value: {fileID: 6437299437958074205}
--- !u!114 &699948066701692753
MonoBehaviour:
  m_ObjectHideFlags: 0
  m_CorrespondingSourceObject: {fileID: 0}
  m_PrefabInstance: {fileID: 0}
  m_PrefabAsset: {fileID: 0}
  m_GameObject: {fileID: 0}
  m_Enabled: 1
  m_EditorHideFlags: 0
  m_Script: {fileID: 11500000, guid: 9b730ab5a174460ab98c005f55d92f6f, type: 3}
  m_Name: z_value[2].ListMaterialSelector
  m_EditorClassIdentifier: 
  groupName: 
  materials:
  - {fileID: 2100000, guid: 958f01b423ffccd4184427cc02fc670a, type: 2}
--- !u!114 &5816934376150561843
MonoBehaviour:
  m_ObjectHideFlags: 0
  m_CorrespondingSourceObject: {fileID: 0}
  m_PrefabInstance: {fileID: 0}
  m_PrefabAsset: {fileID: 0}
  m_GameObject: {fileID: 0}
  m_Enabled: 1
  m_EditorHideFlags: 0
  m_Script: {fileID: 11500000, guid: 9b730ab5a174460ab98c005f55d92f6f, type: 3}
  m_Name: z_value[1].ListMaterialSelector
  m_EditorClassIdentifier: 
  groupName: 
  materials:
  - {fileID: 2100000, guid: 76351e8e4fc186b4b8cb4e44db48bd40, type: 2}
--- !u!114 &6437299437958074205
MonoBehaviour:
  m_ObjectHideFlags: 0
  m_CorrespondingSourceObject: {fileID: 0}
  m_PrefabInstance: {fileID: 0}
  m_PrefabAsset: {fileID: 0}
  m_GameObject: {fileID: 0}
  m_Enabled: 1
  m_EditorHideFlags: 0
  m_Script: {fileID: 11500000, guid: 9b730ab5a174460ab98c005f55d92f6f, type: 3}
  m_Name: z_value[9].ListMaterialSelector
  m_EditorClassIdentifier: 
  groupName: 
  materials:
  - {fileID: 2100000, guid: 167c8e31b9a62164d8b07cdfcb82e076, type: 2}
  - {fileID: 2100000, guid: fa59137bfc3e18c4dbf99fa7c1090577, type: 2}
  - {fileID: 2100000, guid: 04597cc72cb7bac4aaeb6794d3a0519b, type: 2}
  - {fileID: 2100000, guid: 950d095640cb59f4b8d85ce723097c46, type: 2}
  - {fileID: 2100000, guid: 783b5bfb2f6e67b42b2fc89f82747c7a, type: 2}
--- !u!114 &6637687799851897780
MonoBehaviour:
  m_ObjectHideFlags: 0
  m_CorrespondingSourceObject: {fileID: 0}
  m_PrefabInstance: {fileID: 0}
  m_PrefabAsset: {fileID: 0}
  m_GameObject: {fileID: 0}
  m_Enabled: 1
  m_EditorHideFlags: 0
  m_Script: {fileID: 11500000, guid: 9b730ab5a174460ab98c005f55d92f6f, type: 3}
  m_Name: z_value[7].ListMaterialSelector
  m_EditorClassIdentifier: 
  groupName: 
  materials:
  - {fileID: 2100000, guid: dd8e317eea6d1c3439bb6012e4b42ad3, type: 2}
--- !u!114 &7146115314415785619
MonoBehaviour:
  m_ObjectHideFlags: 0
  m_CorrespondingSourceObject: {fileID: 0}
  m_PrefabInstance: {fileID: 0}
  m_PrefabAsset: {fileID: 0}
  m_GameObject: {fileID: 0}
  m_Enabled: 1
  m_EditorHideFlags: 0
  m_Script: {fileID: 11500000, guid: 9b730ab5a174460ab98c005f55d92f6f, type: 3}
  m_Name: z_value[4].ListMaterialSelector
  m_EditorClassIdentifier: 
  groupName: 
  materials:
  - {fileID: 2100000, guid: 19a2b5ce58f5b11448d15c9bf8764182, type: 2}
  - {fileID: 2100000, guid: 8a4ebf4e82e70554883d99d5f8f3509e, type: 2}
  - {fileID: 2100000, guid: 661db52145a1b73419331b6af30aecd4, type: 2}
  - {fileID: 2100000, guid: 4daeaa96208bdc14ab560f51f83ab8e5, type: 2}
  - {fileID: 2100000, guid: 958f01b423ffccd4184427cc02fc670a, type: 2}
  - {fileID: 2100000, guid: dd8e317eea6d1c3439bb6012e4b42ad3, type: 2}
  - {fileID: 2100000, guid: dff24afedc269c84fb9a879180daa737, type: 2}
